<?xml version="1.0" encoding="UTF-8"?><collection xmlns="http://www.loc.gov/MARC21/slim"><record><leader>00369nam--2200133-i-4500</leader><controlfield tag="001">000028130</controlfield><controlfield tag="002">20161230</controlfield><controlfield tag="005">20161230201037</controlfield><controlfield tag="008">060222s1000------------r-----000-0-eng-d</controlfield><datafield ind1=" " ind2=" " tag="080"><subfield code="a">539.194:547</subfield></datafield><datafield ind1=" " ind2=" " tag="100"><subfield code="a">Lehr, Roland E.And Marchand, Alan P</subfield></datafield><datafield ind1=" " ind2=" " tag="245"><subfield code="a">Orbital symmetry. a problem-solving approach</subfield></datafield><datafield ind1=" " ind2=" " tag="260"><subfield code="a">New York, Academic Press, 1972, X + 190p</subfield></datafield><datafield ind1=" " ind2=" " tag="852"><subfield code="a">39063</subfield></datafield></record></collection>